<?xml version="1.0" encoding="UTF-8"?><collection xmlns="http://www.loc.gov/MARC21/slim"><record><leader>00544nam--2200181-i-4500</leader><controlfield tag="001">000023702</controlfield><controlfield tag="002">20161230</controlfield><controlfield tag="005">20161230201035</controlfield><controlfield tag="008">060222s1000------------r-----000-0-fre-d</controlfield><datafield ind1=" " ind2=" " tag="040"><subfield code="a">IFIN-HH</subfield></datafield><datafield ind1=" " ind2=" " tag="041"><subfield code="a">fre</subfield></datafield><datafield ind1=" " ind2=" " tag="080"><subfield code="a">538.941(043)</subfield></datafield><datafield ind1="1" ind2=" " tag="100"><subfield code="a">Ghozlan, Aline</subfield></datafield><datafield ind1="1" ind2="0" tag="245"><subfield code="a">Etude theorique des proprietes osmotiques et magnetiques des solutions d`helium-3 dans l`helium-4 superfluide</subfield><subfield code="b">These</subfield><subfield code="c">Aline ghozlan</subfield></datafield><datafield ind1=" " ind2=" " tag="260"><subfield code="a">Paris</subfield><subfield code="b">L`Universite De Paris-sud</subfield><subfield code="c">1977</subfield></datafield><datafield ind1=" " ind2=" " tag="300"><subfield code="a">469P</subfield></datafield><datafield ind1=" " ind2=" " tag="852"><subfield code="a">44923</subfield><subfield code="c">538.4</subfield></datafield><datafield ind1=" " ind2=" " tag="CAT"><subfield code="a">Sys</subfield><subfield code="c">20110920</subfield><subfield code="h">124021</subfield></datafield></record></collection>